<?xml version="1.0" encoding="UTF-8"?><record xmlns="http://www.loc.gov/MARC21/slim" xmlns:cinclude="http://apache.org/cocoon/include/1.0" xmlns:zs="http://www.loc.gov/zing/srw/">
  <leader>00625cz  a2200157n  4500</leader>
  <controlfield tag="001">n  86091954 </controlfield>
  <controlfield tag="003">DLC</controlfield>
  <controlfield tag="005">20130312084031.0</controlfield>
  <controlfield tag="008">861104n| acannaab           |a aaa      </controlfield>
  <datafield tag="010" ind1=" " ind2=" ">
    <subfield code="a">n  86091954 </subfield>
  </datafield>
  <datafield tag="040" ind1=" " ind2=" ">
    <subfield code="a">DLC</subfield>
    <subfield code="b">eng</subfield>
    <subfield code="c">DLC</subfield>
    <subfield code="d">DLC</subfield>
  </datafield>
  <datafield tag="100" ind1="0" ind2=" ">
    <subfield code="a">Sordello,</subfield>
    <subfield code="c">of Goito,</subfield>
    <subfield code="d">active 13th century.</subfield>
    <subfield code="t">Poems.</subfield>
    <subfield code="l">English &amp; ProvencĚ§al</subfield>
  </datafield>
  <datafield tag="400" ind1="0" ind2=" ">
    <subfield code="w">nnea</subfield>
    <subfield code="a">Sordello,</subfield>
    <subfield code="c">of Goito,</subfield>
    <subfield code="d">13th cent.</subfield>
    <subfield code="t">Poems.</subfield>
    <subfield code="l">English &amp; ProvencĚ§al</subfield>
  </datafield>
  <datafield tag="400" ind1="0" ind2=" ">
    <subfield code="a">Sordello,</subfield>
    <subfield code="c">of Goito,</subfield>
    <subfield code="d">active 13th century.</subfield>
    <subfield code="t">Poetry of Sordello</subfield>
  </datafield>
  <datafield tag="667" ind1=" " ind2=" ">
    <subfield code="a">THIS 1XX FIELD CANNOT BE USED UNDER RDA UNTIL THIS RECORD HAS BEEN REVIEWED AND/OR UPDATED</subfield>
  </datafield>
  <datafield tag="670" ind1=" " ind2=" ">
    <subfield code="a">His The poetry of Sordello, 1986.</subfield>
  </datafield>
</record>